@inproceedings{kenniche2010random,
  title={Random geometric graphs as model of wireless sensor networks},
  author={Kenniche, Hichem and Ravelomananana, Vlady},
  booktitle={Computer and Automation Engineering (ICCAE), 2010 The 2nd International Conference on},
  volume={4},
  pages={103--107},
  year={2010},
  organization={IEEE}
}

@inproceedings{chen2017bipartite,
  title={Bipartite Grid Partitioning of a Random Geometric Graph},
  author={Chen, Zizhen and Matula, David W},
  booktitle={2017 13th International Conference on Distributed Computing in Sensor Systems (DCOSS)},
  pages={163--169},
  year={2017},
  organization={IEEE}
}

